@book{ASLAbstractSyntaxReference,
  title = {{ASL} {A}bstract {S}yntax {R}eference},
  author = {Arm {A}rchitecture {T}echnology {G}roup},
  year = {2023},
}

@book{ASLTypingReference,
  title = {{ASL} {T}yping {R}eference},
  author = {Arm {A}rchitecture {T}echnology {G}roup},
  year = {2023},
}

@book{ASLSemanticsReference,
  title = {{ASL} {S}emantics {R}eference},
  author = {Arm {A}rchitecture {T}echnology {G}roup},
  year = {2023},
}

@incollection{TypeSystemsLucaCardelli,
  author       = {Luca Cardelli},
  editor       = {Allen B. Tucker},
  title        = {Type Systems},
  booktitle    = {The Computer Science and Engineering Handbook},
  pages        = {2208--2236},
  publisher    = {{CRC} Press},
  year         = {1997},
  timestamp    = {Sun, 09 Jul 2017 13:53:27 +0200},
  biburl       = {https://dblp.org/rec/books/crc/tucker97/Cardelli97.bib},
  bibsource    = {dblp computer science bibliography, https://dblp.org}
}
